<Doc xmlns:gs2="http://www.greenstone.org/gs2" file="HASH7c57\5f57a57c\fb45ab00\33s17.dir\doc.xml"  gs2:docOID="HASH7c575f57a57cfb45ab0033s17" gs2:mode="add">

<Sec  gs2:docOID="HASH7c575f57a57cfb45ab0033s17" gs2:mode="add">
&lt;pre&gt;
 LDR 01028cam  2200289 i 4500
001     3657717
005     19981112075903.5
008     760910r19751969enkacf        001 0 eng  
035    _9 (DLC)   76374170
906    _a 7
       _b cbc
       _c orignew
       _d 3
       _e ncip
       _f 19
       _g y-gencatlg
010    _a    76374170 
015    _a GB76-00260
020    _a 0860077306 :
       _c £1.50
040    _a DLC
       _c DLC
       _d DLC
050 00 _a ML54.6.B4
       _b I4
082 00 _a 784/.3
245 04 _a The Beatles lyrics /
       _c with an introduction by Jimmy Savile.
260    _a London :
       _b Futura Publications,
       _c 1975.
300    _a 208 p., [64] p. of plates :
       _b ill., ports. ;
       _c 20 cm.
490 0  _a An Omega book
500    _a Cover title: The Beatles illustrated lyrics.
500    _a First published in 1969 under title: The Beatles
 illustrated lyrics; published in 1974 under title: The Beatles
 lyrics complete.
500    _a Includes index.
650  0 _a Rock music
       _y 1961-1970
       _x Texts.
710 2  _a Beatles.
740 0  _a Beatles illustrated lyrics.
991    _b c-Music
       _h ML54.6.B4
       _i I4
       _t Copy 1
       _w BOOKS
&lt;/pre&gt;
 
</Sec>


</Doc>
